
<record>
  <controlfield tag="001">264614</controlfield>
  <datafield tag="035" ind1=" " ind2=" ">
    <subfield code="z">D88-15270</subfield>
    <subfield code="9">DESY</subfield>
  </datafield>
  <datafield tag="035" ind1=" " ind2=" ">
    <subfield code="a">Park:1988vg</subfield>
    <subfield code="9">SPIRESTeX</subfield>
  </datafield>
  <datafield tag="035" ind1=" " ind2=" ">
    <subfield code="9">KEKSCAN</subfield>
    <subfield code="a">198827045</subfield>
  </datafield>
  <datafield tag="037" ind1=" " ind2=" ">
    <subfield code="a">KEK-Preprint-88-45</subfield>
  </datafield>
  <datafield tag="037" ind1=" " ind2=" ">
    <subfield code="a">AMY-88-08</subfield>
  </datafield>
  <datafield tag="245" ind1=" " ind2=" ">
    <subfield code="a">THE PHYSICS OF JETS PRODUCED IN ELECTRON - POSITRON COLLISIONS AT CENTER-OF-MASS ENERGIES FROM 50-GeV TO 56-GeV</subfield>
  </datafield>
  <datafield tag="710" ind1=" " ind2=" ">
    <subfield code="g">AMY</subfield>
  </datafield>
</record>